<?xml version="1.0" encoding="UTF-8"?>
<record xmlns="http://www.loc.gov/MARC21/slim">
  <leader>01203cam a22002650a 4500</leader>
  <controlfield tag="001">3463096</controlfield>
  <controlfield tag="008">820211c19811868quc     b     0001  eng  </controlfield>
  <datafield tag="020" ind1=" " ind2=" ">
    <subfield code="a">066510152X (Positive copy)</subfield>
  </datafield>
  <datafield tag="035" ind1=" " ind2=" ">
    <subfield code="a">(Sirsi) AOX-7220</subfield>
  </datafield>
  <datafield tag="040" ind1=" " ind2=" ">
    <subfield code="a">CaOOCIHM</subfield>
    <subfield code="b">eng</subfield>
  </datafield>
  <datafield tag="082" ind1="0" ind2=" ">
    <subfield code="a">252.05</subfield>
    <subfield code="2">19</subfield>
  </datafield>
  <datafield tag="100" ind1="1" ind2="0">
    <subfield code="a">Mathieson, Alexander,</subfield>
    <subfield code="d">1795-1870</subfield>
  </datafield>
  <datafield tag="245" ind1="1" ind2="2">
    <subfield code="a">A sermon preached on St. Andrew&apos;s Day, 1868, in the St. Andrew&apos;s Church before the St. Andrew&apos;s Society of Montreal</subfield>
    <subfield code="h">[microform] /</subfield>
    <subfield code="c">by Alexander Mathieson.</subfield>
  </datafield>
  <datafield tag="260" ind1="0" ind2=" ">
    <subfield code="a">[Montréal? :</subfield>
    <subfield code="b">s.n.],</subfield>
    <subfield code="c">1868</subfield>
    <subfield code="e">(Montréal :</subfield>
    <subfield code="f">J.C. Becket)</subfield>
  </datafield>
  <datafield tag="300" ind1=" " ind2=" ">
    <subfield code="a">1 microfiche (16 fr.).</subfield>
  </datafield>
  <datafield tag="500" ind1=" " ind2=" ">
    <subfield code="a">&quot;Published by request.&quot;</subfield>
  </datafield>
  <datafield tag="533" ind1=" " ind2=" ">
    <subfield code="a">Filmed from a copy of the original publication held by the National Library of Canada.</subfield>
    <subfield code="b">Ottawa :</subfield>
    <subfield code="c">Canadian Institute for Historical Microreproductions,</subfield>
    <subfield code="d">1981.</subfield>
  </datafield>
  <datafield tag="596" ind1=" " ind2=" ">
    <subfield code="a">4</subfield>
  </datafield>
  <datafield tag="610" ind1="2" ind2="0">
    <subfield code="a">Presbyterian Church in Canada</subfield>
    <subfield code="x">Sermons.</subfield>
  </datafield>
  <datafield tag="830" ind1=" " ind2="0">
    <subfield code="a">CIHM/ICMH Microfiche series ;</subfield>
    <subfield code="v">no. 10152</subfield>
  </datafield>
  <datafield tag="948" ind1=" " ind2=" ">
    <subfield code="a">10/15/1993</subfield>
    <subfield code="b">02/13/1996</subfield>
  </datafield>
  <datafield tag="904" ind1="1" ind2=" ">
    <subfield code="a">CIHM/ICMH Microfiche series = CIHM/ICMH collection de microfiches ;</subfield>
    <subfield code="v">no. 10152</subfield>
  </datafield>
  <datafield tag="983" ind1=" " ind2="0">
    <subfield code="a">CIHM/ICMH collection de microfiches ;</subfield>
    <subfield code="v">no 10152</subfield>
  </datafield>
  <datafield tag="998" ind1=" " ind2=" ">
    <subfield code="a"> 826071910</subfield>
  </datafield>
  <datafield tag="926" ind1=" " ind2=" ">
    <subfield code="a">MEDIA_COMM</subfield>
    <subfield code="b">MICROTEXT</subfield>
    <subfield code="c">CIHM no. 10152</subfield>
    <subfield code="d">MICROFORM</subfield>
    <subfield code="f">1</subfield>
  </datafield>
</record>
